@book{gelʹfand2003methods,
  title={Methods of Homological Algebra: Springer monographs in mathematics},
  author={Gelʹfand, S.I. and Manin, Y.},
  isbn={9783540435839},
  lccn={2002190826},
  series={Springer Monographs in Mathematics},
  url={http://books.google.de/books?id=pv94ATbagxEC},
  year={2003},
  publisher={Springer}
}

